@ARTICLE{Klypin1999,
   author = {{Klypin}, A. and {Kravtsov}, A.~V. and {Valenzuela}, O. and 
	{Prada}, F.},
    title = "{Where Are the Missing Galactic Satellites?}",
  journal = {\apj},
   eprint = {astro-ph/9901240},
 keywords = {COSMOLOGY: THEORY, GALAXIES: CLUSTERS: GENERAL, GALAXIES: INTERACTIONS, GALAXY: FORMATION, GALAXIES: LOCAL GROUP, METHODS: NUMERICAL, Cosmology: Theory, Galaxies: Clusters: General, Galaxies: Interactions, Galaxy: Formation, Galaxies: Local Group, Methods: Numerical},
     year = 1999,
    month = sep,
   volume = 522,
    pages = {82-92},
      doi = {10.1086/307643},
   adsurl = {http://adsabs.harvard.edu/abs/1999ApJ...522...82K},
  adsnote = {Provided by the SAO/NASA Astrophysics Data System}
}

@ARTICLE{Marlow,
   author = {{Marlow}, D.~R. and {Myers}, S.~T. and {Rusin}, D. and {Jackson}, N. and 
	{Browne}, I.~W.~A. and {Wilkinson}, P.~N. and {Muxlow}, T. and 
	{Fassnacht}, C.~D. and {Lubin}, L. and {Kundi{\'c}}, T. and 
	{Blandford}, R.~D. and {Pearson}, T.~J. and {Readhead}, A.~C.~S. and 
	{Koopmans}, L. and {de Bruyn}, A.~G.},
    title = "{CLASS B1555+375: A New Four-Image Gravitational Lens System}",
  journal = {\aj},
 keywords = {COSMOLOGY: GRAVITATIONAL LENSING},
     year = 1999,
    month = aug,
   volume = 118,
    pages = {654-658},
      doi = {10.1086/300987},
   adsurl = {http://adsabs.harvard.edu/abs/1999AJ....118..654M},
  adsnote = {Provided by the SAO/NASA Astrophysics Data System}
}

@ARTICLE{Oguri,
   author = {{Oguri}, M.},
    title = "{The Mass Distribution of SDSS J1004+4112 Revisited}",
  journal = {\pasj},
archivePrefix = "arXiv",
   eprint = {1005.3103},
 primaryClass = "astro-ph.CO",
 keywords = {dark matter, galaxies: clusters: general, galaxies: quasars: individual (SDSS J1004+4112), gravitational lensing},
     year = 2010,
    month = aug,
   volume = 62,
    pages = {1017-},
      doi = {10.1093/pasj/62.4.1017},
   adsurl = {http://adsabs.harvard.edu/abs/2010PASJ...62.1017O},
  adsnote = {Provided by the SAO/NASA Astrophysics Data System}
}


